@inproceedings{motazedi2009english,
  title={English to persian machine translation exploiting semantic word sense disambiguation},
  author={Motazedi, Yasaman and Shamsfard, Mehnoush},
  booktitle={Computer Conference, 2009. CSICC 2009. 14th International CSI},
  pages={253--258},
  year={2009},
  organization={IEEE}
}

@misc{bijankhan2004role,
  title={The Role of the Corpus in Writing a Grammar: An Introduction to a Software},
  author={Bijankhan, M},
  year={2004},
  publisher={Iranian Journal of Linguistics, 19}
}


@misc{dehdari2008link,
  title={A link grammar parser for Persian. Aspects of Iranian Linguistics},
  author={Dehdari, J and Lonsdale, D},
  year={2008},
  publisher={Cambridge Scholars Press}
}

@inproceedings{feely2014cmu,
  title={The CMU METAL Farsi NLP Approach},
  author={Feely, Weston and Manshadi, Mehdi and Frederking, Robert and Levin, Lori},
  booktitle={Proceedings of the Ninth International Conference on Language Resources and Evaluation (LRECâ€™14)},
  pages={4052--4055},
  year={2014}
}

@inproceedings{samvelian2014extending,
  title={Extending the coverage of a MWE database for Persian CPs exploiting valency alternations},
  author={Samvelian, Pollet and Faghiri, Pegah and El Ayari, Sarra},
  booktitle={Language Resources and Evaluation Conference (LREC)},
  pages={4023--4026},
  year={2014}
}

@incollection{jadidinejad2010evaluation,
  title={Evaluation of PerStem: a simple and efficient stemming algorithm for Persian},
  author={Jadidinejad, Amir Hossein and Mahmoudi, Fariborz and Dehdari, Jon},
  booktitle={Multilingual Information Access Evaluation I. Text Retrieval Experiments},
  pages={98--101},
  year={2010},
  publisher={Springer}
}

@inproceedings{rekabsaz2015use,
  title={On the Use of Statistical Semantics for Metadata-based Social Image Retrieval},
  author={Rekabsaz, Navid and Bierig, Ralf and Ionescu, Bogdan and Hanbury, Allan and Lupu, Mihai},
  booktitle={Proceedings of the 13th International Workshop on Content-Based Multimedia Indexing (CBMI)},
  year={2015}
}

@inproceedings{lesk1986automatic,
  title={Automatic sense disambiguation using machine readable dictionaries: how to tell a pine cone from an ice cream cone},
  author={Lesk, Michael},
  booktitle={Proceedings of the 5th annual international conference on Systems documentation},
  pages={24--26},
  year={1986},
  organization={ACM}
}

@article{pennington2014glove,
  title={Glove: Global vectors for word representation},
  author={Pennington, Jeffrey and Socher, Richard and Manning, Christopher D},
  journal={Proceedings of the Empirical Methods in Natural Language Processing (EMNLP 2014)},
  volume={12},
  year={2014}
}

@article{duque2015choosing,
  title={Choosing the best dictionary for Cross-Lingual Word Sense Disambiguation},
  author={Duque, Andres and Martinez-Romo, Juan and Araujo, Lourdes},
  journal={Knowledge-Based Systems},
  volume={81},
  pages={65--75},
  year={2015},
  publisher={Elsevier}
}
@incollection{agirre2009clef,
  title={CLEF 2008: ad hoc track overview},
  author={Agirre, Eneko and Di Nunzio, Giorgio Maria and Ferro, Nicola and Mandl, Thomas and Peters, Carol},
  booktitle={Evaluating systems for multilingual and multimodal information access},
  pages={15--37},
  year={2009},
  publisher={Springer}
}

@incollection{ferro2010clef,
  title={CLEF 2009 ad hoc track overview: TEL and persian tasks},
  author={Ferro, Nicola and Peters, Carol},
  booktitle={Multilingual Information Access Evaluation I. Text Retrieval Experiments},
  pages={13--35},
  year={2010},
  publisher={Springer}
}

@article{lefeverparallel,
  title={Parallel corpora make sense: Bypassing the knowledge acquisition bottleneck for Word Sense Disambiguation},
  author={Lefever, Els and Hoste, V{\'e}ronique},
  journal={International Journal of Corpus Linguistics},
  pages={333-367},
  year={2014},
  publisher={John Benjamins Publishing}
}



Lefever, E., & Hoste, V. (2014). . , 19 (3), .   

@inproceedings{navigli2012joining,
  title={Joining forces pays off: Multilingual joint word sense disambiguation},
  author={Navigli, Roberto and Ponzetto, Simone Paolo},
  booktitle={Proceedings of the 2012 joint conference on empirical methods in natural language processing and computational natural language learning},
  pages={1399--1410},
  year={2012},
  organization={Association for Computational Linguistics}
}

@book{auer2007dbpedia,
  title={Dbpedia: A nucleus for a web of open data},
  author={Auer, S{\"o}ren and Bizer, Christian and Kobilarov, Georgi and Lehmann, Jens and Cyganiak, Richard and Ives, Zachary},
  year={2007},
  publisher={Springer}
}

@inproceedings{navigli2010babelnet,
  title={BabelNet: Building a very large multilingual semantic network},
  author={Navigli, Roberto and Ponzetto, Simone Paolo},
  booktitle={Proceedings of the 48th annual meeting of the association for computational linguistics},
  pages={216--225},
  year={2010},
  organization={Association for Computational Linguistics}
}

@article{duqueco,
author = {Duque, Andres and Araujo, Lourdes and Martinez-Romo, Juan},
title = {CO-graph: A new graph-based technique for cross-lingual word sense disambiguation},
journal = {Natural Language Engineering},
volume = {FirstView},
month = {5},
year = {2015},
issn = {1469-8110},
pages = {1--30},
numpages = {30},
doi = {10.1017/S1351324915000091},
URL = {http://journals.cambridge.org/article_S1351324915000091},
}

@article{bungum2013improving,
  title={Improving word translation disambiguation by capturing multiword expressions with dictionaries},
  author={Bungum, Lars and Gamb{\"a}ck, Bj{\"o}rn and Lynum, Andr{\'e} and Marsi, Erwin},
  journal={NAACL HLT 2013},
  volume={13},
  pages={21},
  year={2013}
}

@inproceedings{sofianopoulos2012implementing,
  title={Implementing a language-independent MT methodology},
  author={Sofianopoulos, Sokratis and Vassiliou, Marina and Tambouratzis, George},
  booktitle={Proceedings of the First Workshop on Multilingual Modeling},
  pages={1--10},
  year={2012},
  organization={Association for Computational Linguistics}
}

@inproceedings{lefever2011parasense,
  title={Parasense or how to use parallel corpora for word sense disambiguation},
  author={Lefever, Els and Hoste, V{\'e}ronique and De Cock, Martine},
  booktitle={Proceedings of the 49th Annual Meeting of the Association for Computational Linguistics: Human Language Technologies: short papers-Volume 2},
  pages={317--322},
  year={2011},
  organization={Association for Computational Linguistics}
}

@inproceedings{silberer2010uhd,
  title={UHD: Cross-lingual Word Sense Disambiguation using multilingual co-occurrence graphs},
  author={Silberer, Carina and Ponzetto, Simone Paolo},
  booktitle={Proceedings of the 5th International Workshop on Semantic Evaluation},
  pages={134--137},
  year={2010},
  organization={Association for Computational Linguistics}
}

@article{gompel2013wsd2,
  title={Wsd2: Parameter optimisation for memory-based cross-lingual word-sense disambiguation},
  author={Gompel, M van and van den Bosch, APJ},
  year={2013},
  publisher={New Brunswick, NJ: Association for Computational Linguistics}
}

@inproceedings{rudnick2013hltdi,
  title={Hltdi: Cl-wsd using markov random fields for semeval-2013 task 10},
  author={Rudnick, Alex and Liu, Can and Gasser, Michael},
  booktitle={Second Joint Conference on Lexical and Computational Semantics (* SEM)},
  volume={2},
  pages={171--177},
  year={2013}
}

@inproceedings{lefever2010semeval,
  title={Semeval-2010 task 3: Cross-lingual word sense disambiguation},
  author={Lefever, Els and Hoste, Veronique},
  booktitle={Proceedings of the 5th International Workshop on Semantic Evaluation},
  pages={15--20},
  year={2010},
  organization={Association for Computational Linguistics}
}

@article{lefever2013semeval,
  title={Semeval-2013 task 10: Cross-lingual word sense disambiguation},
  author={Lefever, Els and Hoste, V{\'e}ronique},
  journal={Proc. of SemEval},
  pages={158--166},
  year={2013}
}

@article{di2013clustering,
  title={Clustering and diversifying web search results with graph-based word sense induction},
  author={Di Marco, Antonio and Navigli, Roberto},
  journal={Computational Linguistics},
  volume={39},
  number={3},
  pages={709--754},
  year={2013},
  publisher={MIT Press}
}

@article{pilehvar2014large,
  title={A Large-scale Pseudoword-based Evaluation Framework for State-of-the-Art Word Sense Disambiguation},
  author={Pilehvar, Mohammad Taher and Navigli, Roberto},
  journal={Computational Linguistics},
  volume={40},
  number={4},
  pages={837--881},
  year={2014},
  publisher={MIT Press}
}

@article{costa2014statistical,
  title={Statistical machine translation enhancements through linguistic levels: A survey},
  author={Costa-Juss{\`a}, Marta R and Farr{\'u}s, Mireia},
  journal={ACM Computing Surveys (CSUR)},
  volume={46},
  number={3},
  pages={42},
  year={2014},
  publisher={ACM}
}

@inproceedings{chan2007word,
  title={Word sense disambiguation improves statistical machine translation},
  author={Chan, Yee Seng and Ng, Hwee Tou and Chiang, David},
  booktitle={Annual Meeting-Association for Computational Linguistics},
  volume={45},
  number={1},
  pages={33},
  year={2007},
  organization={Citeseer}
}

@inproceedings{na2011enriching,
  title={Enriching document representation via translation for improved monolingual information retrieval},
  author={Na, Seung-Hoon and Ng, Hwee Tou},
  booktitle={Proceedings of the 34th international ACM SIGIR conference on Research and development in Information Retrieval},
  pages={853--862},
  year={2011},
  organization={ACM}
}

@inproceedings{zhong2012word,
  title={Word sense disambiguation improves information retrieval},
  author={Zhong, Zhi and Ng, Hwee Tou},
  booktitle={Proceedings of the 50th Annual Meeting of the Association for Computational Linguistics: Long Papers-Volume 1},
  pages={273--282},
  year={2012},
  organization={Association for Computational Linguistics}
}

@article{moro2014entity,
  title={Entity linking meets word sense disambiguation: a unified approach},
  author={Moro, Andrea and Raganato, Alessandro and Navigli, Roberto},
  journal={Transactions of the Association for Computational Linguistics},
  volume={2},
  pages={231--244},
  year={2014}
}

@inproceedings{chen2014unified,
  title={A unified model for word sense representation and disambiguation},
  author={Chen, Xinxiong and Liu, Zhiyuan and Sun, Maosong},
  booktitle={Proceedings of the 2014 Conference on Empirical Methods in Natural Language Processing (EMNLP)},
  pages={1025--1035},
  year={2014}
}

@inproceedings{guo2010combining,
  title={Combining orthogonal monolingual and multilingual sources of evidence for all words wsd},
  author={Guo, Weiwei and Diab, Mona},
  booktitle={Proceedings of the 48th Annual Meeting of the Association for Computational Linguistics},
  pages={1542--1551},
  year={2010},
  organization={Association for Computational Linguistics}
}

@article{agirre2010graph,
  title={Graph-based Word Sense Disambiguation of biomedical documents},
  author={Agirre, Eneko and Soroa, Aitor and Stevenson, Mark},
  journal={Bioinformatics},
  volume={26},
  number={22},
  pages={2889--2896},
  year={2010},
  publisher={Oxford Univ Press}
}

@inproceedings{miller2012using,
  title={Using Distributional Similarity for Lexical Expansion in Knowledge-based Word Sense Disambiguation.},
  author={Miller, Tristan and Biemann, Chris and Zesch, Torsten and Gurevych, Iryna},
  booktitle={COLING},
  pages={1781--1796},
  year={2012}
}

@book{fellbaum1998wordnet,
  title={WordNet},
  author={Fellbaum, Christiane},
  year={1998},
  publisher={Wiley Online Library}
}


@incollection{navigli2012quick,
  title={A quick tour of word sense disambiguation, induction and related approaches},
  author={Navigli, Roberto},
  booktitle={SOFSEM 2012: Theory and practice of computer science},
  pages={115--129},
  year={2012},
  publisher={Springer}
}

@article{agirre2014random,
  title={Random walks for knowledge-based word sense disambiguation},
  author={Agirre, Eneko and de Lacalle, Oier Lopez and Soroa, Aitor},
  journal={Computational Linguistics},
  volume={40},
  number={1},
  pages={57--84},
  year={2014},
  publisher={MIT Press}
}

@article{mikolov2013efficient,
  title={Efficient estimation of word representations in vector space},
  author={Mikolov, Tomas and Chen, Kai and Corrado, Greg and Dean, Jeffrey},
  journal={arXiv preprint arXiv:1301.3781},
  year={2013}
}

@inproceedings{mikolov2013distributed,
  title={Distributed representations of words and phrases and their compositionality},
  author={Mikolov, Tomas and Sutskever, Ilya and Chen, Kai and Corrado, Greg S and Dean, Jeff},
  booktitle={Advances in Neural Information Processing Systems},
  year={2013}
}


@book{wittgenstein1953philosophical,
  title={Philosophical investigations. Philosophische Untersuchungen.},
  author={Wittgenstein, Ludwig},
  year={1953},
  publisher={Macmillan}
}

% Random Indexing (RI)
@inproceedings{sahlgren2005introRR,
  title={An introduction to random indexing},
  booktitle={Methods and Applications of Semantic Indexing Workshop in the Proc. of TKE},
  year={2005}
}


% Latent Dirichlet Allocation (LDA)
@article{blei2003latent,
  title={Latent dirichlet allocation},
  author={Blei, David M and Ng, Andrew Y and Jordan, Michael I},
  journal={the Journal of machine Learning research},
  year={2003},
}

@inproceedings{seraji2012,
  title={A Basic Language Resource Kit for Persian.},
  author={Seraji, Mojgan and Megyesi, Be{\'a}ta and Nivre, Joakim},
  booktitle={LREC},
  pages={2245--2252},
  year={2012},
  organization={Citeseer}
}

@book{amtrup2000,
  title={Persian-English machine translation: An overview of the Shiraz project},
  author={Amtrup, Jan Willers and Rad, Hamid Mansouri and Megerdoomian, Karine and Zajac, R{\'e}mi},
  year={2000}
}

@inproceedings{saedi2009,
  title={Automatic translation between English and Persian texts},
  author={Saedi, Chakaveh and Motazadi, Yasaman and Shamsfard, Mehrnoush},
  booktitle={Proceedings of the Third Workshop on Computational Approaches to Arabic Script-based Languages, Ottawa, Ontario, Canada},
  year={2009}
}

@incollection{sarrafzadeh2011,
  year={2011},
  booktitle={Advances in Artificial Intelligence: Proceedings of 24th Canadian Conference on Artificial Intelligence},
  title={Cross-Lingual Word Sense Disambiguation for Languages with Scarce Resources},
  publisher={Springer Berlin Heidelberg},
  author={Sarrafzadeh, Bahareh and Yakovets, Nikolay and Cercone, Nick and An, Aijun},
  pages={347-358},
}


@inproceedings{shamsfard2010semi,
  title={Semi automatic development of farsnet; the persian wordnet},
  author={Shamsfard, Mehrnoush and Hesabi, Akbar and Fadaei, Hakimeh and Mansoory, Niloofar and Famian, Ali and Bagherbeigi, Somayeh and Fekri, Elham and Monshizadeh, Maliheh and Assi, S Mostafa},
  booktitle={Proceedings of 5th Global WordNet Conference, Mumbai, India},
  year={2010}
}

@article{aleahmad2009hamshahri,
  title={Hamshahri: A standard Persian text collection},
  author={AleAhmad, Abolfazl and Amiri, Hadi and Darrudi, Ehsan and Rahgozar, Masoud and Oroumchian, Farhad},
  journal={Knowledge-Based Systems},
  volume={22},
  number={5},
  pages={382--387},
  year={2009},
  publisher={Elsevier}
}

@incollection{pilevar2011tep,
  title={Tep: Tehran english-persian parallel corpus},
  author={Pilevar, Mohammad Taher and Faili, Heshaam and Pilevar, Abdol Hamid},
  booktitle={Computational Linguistics and Intelligent Text Processing},
  pages={68--79},
  year={2011},
  publisher={Springer}
}

@inproceedings{farajian2011pen,
  title={PEN: parallel english-persian news corpus},
  author={Farajian, Mohammad Amin},
  booktitle={Proceedings of the 2011th World Congress in Computer Science, Computer Engineering and Applied Computing},
  year={2011}
}

@inproceedings{lefever2010semeval,
  title={Semeval-2010 task 3: Cross-lingual word sense disambiguation},
  author={Lefever, Els and Hoste, Veronique},
  booktitle={Proceedings of the 5th International Workshop on Semantic Evaluation},
  pages={15--20},
  year={2010},
  organization={Association for Computational Linguistics}
}


@inproceedings{europarl,
title={Europarl: A Parallel Corpus for Statistical Machine Translation},
author={Philipp Koehn},
booktitle={MT Summit},
year={2005},
}